@online{Spotify,
  author = {Spotify},
  title = {Spotify Web API},
  url = {https://developer.spotify.com/documentation/web-api/},
  urldate = {2023-01-04}
}

@online{Genius,
  author = {Genius},
  title = {Genius API},
  url = {https://docs.genius.com/},
  urldate = {2023-01-04}
}

@online{Spotipy,
  author = {Paul Lamere},
  title = {Spotipy},
  url = {https://spotipy.readthedocs.io/en/2.22.0/#},
  urldate = {2023-01-04}
}

@online{LyricsGenius,
  author = {John W. Miller},
  title = {LyricsGenius},
  url = {https://lyricsgenius.readthedocs.io/en/master/},
  urldate = {2023-01-04}
}